\begin{filecontents}{references.bib}
@article{ambient,
	author = {Abdur Rahim Forkan and Ibrahim Khalil and Zahir Tari and Sebti Foufou and Abdelaziz Bouras},
	title = {A context-aware approach for long-term behavioural change detection and abnormality prediction in ambient assisted living},
	journal = {Pattern Recognition},
	volume = {48},
	number = {3},
	pages = {628-641},
	year = {2015}
}
@inbook{Chong2017,
  author    = {Chong, Yong Shean and
               Tay, Yong Haur},
  editor    = {Cong, Fengyu and
               Leung, Andrew and
               Wei, Qinglai},
  title     = {Abnormal Event Detection in Videos Using Spatiotemporal Autoencoder},
  bookTitle = {Advances in Neural Networks - ISNN 2017: 14th International Symposium, ISNN 2017, Sapporo, Hakodate, and Muroran, Hokkaido, Japan, June 21--26, 2017, Proceedings, Part II},
  year      = {2017},
  publisher = {Springer International Publishing},
  pages     = {189-196},
  isbn      = {978-3-319-59081-3},
  doi       = {10.1007/978-3-319-59081-3_23},
  url       = {https://doi.org/10.1007/978-3-319-59081-3_23}
}
@article{sparse,
	author = {Medhini Narasimhan and Sowmya Kamath},
	title = {Dynamic video anomaly detection and localization using sparse denoising autoencoders},
	journal = {Multimedia Tools and Applications},
	volume = {77},
	pages = {13173-13195},
	url = {https://doi.org/10.1007/s11042-017-4940-2},
	year = {2018}

}
@inproceedings{Rifai:2011:CAE:3104482.3104587,
 author = {Rifai, Salah and Vincent, Pascal and Muller, Xavier and Glorot, Xavier and Bengio, Yoshua},
 title = {Contractive Auto-encoders: Explicit Invariance During Feature Extraction},
 booktitle = {Proceedings of the 28th International Conference on International Conference on Machine Learning},
 series = {ICML'11},
 year = {2011},
 isbn = {978-1-4503-0619-5},
 location = {Bellevue, Washington, USA},
 pages = {833--840},
 numpages = {8},
 url = {http://dl.acm.org/citation.cfm?id=3104482.3104587},
 acmid = {3104587},
 publisher = {Omnipress},
 address = {USA},
} 

@inproceedings{105,
  doi = {10.1109/cvpr.2007.383072},
  url = {https://doi.org/10.1109/cvpr.2007.383072},
  year  = {2007},
  month = {jun},
  publisher = {{IEEE}},
  author = {Xiaogang Wang and Xiaoxu Ma and Eric Grimson},
  title = {Unsupervised Activity Perception by Hierarchical Bayesian Models},
  booktitle = {2007 {IEEE} Conference on Computer Vision and Pattern Recognition}
}
 	

@inproceedings{106,
   title = {Global Behaviour Inference using Probabilistic Latent Semantic Analysis},
   author = {Li, J. and Gong, S. and Xiang, T.},
   year = {2008},
   pages = {20.1-20.10},
   booktitle = {Proceedings of the British Machine Vision Conference},
   publisher = {BMVA Press},
   editors = {Everingham, M. and Needham, C.},
   isbn = {1-901725-36-7},
   note = {doi:10.5244/C.22.20}
}

@inproceedings{107,
  doi = {10.1109/cvpr.2009.5206569},
  url = {https://doi.org/10.1109/cvpr.2009.5206569},
  year  = {2009},
  month = {jun},
  publisher = {{IEEE}},
  author = {Jaechul Kim and Kristen Grauman},
  title = {Observe locally,  infer globally: A space-time {MRF} for detecting abnormal activities with incremental updates},
  booktitle = {2009 {IEEE} Conference on Computer Vision and Pattern Recognition}
}
@article{110,
  doi = {10.1007/s00500-012-0912-7},
  url = {https://doi.org/10.1007/s00500-012-0912-7},
  year  = {2012},
  month = {aug},
  publisher = {Springer Nature},
  volume = {17},
  number = {3},
  pages = {369--379},
  author = {B. Chandra and Manish Gupta},
  title = {A novel approach for distance-based semi-supervised clustering using functional link neural network},
  journal = {Soft Computing}
}

@article{111,
  doi = {10.1016/j.engappai.2006.01.003},
  url = {https://doi.org/10.1016/j.engappai.2006.01.003},
  year  = {2006},
  month = {jun},
  publisher = {Elsevier {BV}},
  volume = {19},
  number = {4},
  pages = {429--438},
  author = {Roberto Perdisci and Giorgio Giacinto and Fabio Roli},
  title = {Alarm clustering for intrusion detection systems in computer networks},
  journal = {Engineering Applications of Artificial Intelligence}
}

@inproceedings{112,
  doi = {10.1109/iccvw.2009.5457658},
  url = {https://doi.org/10.1109/iccvw.2009.5457658},
  year  = {2009},
  month = {sep},
  publisher = {{IEEE}},
  author = {Lamberto Ballan and Marco Bertini and Alberto Del Bimbo and Lorenzo Seidenari and Giuseppe Serra},
  title = {Effective Codebooks for human action categorization},
  booktitle = {2009 {IEEE} 12th International Conference on Computer Vision Workshops,  {ICCV} Workshops}
}

@article{117,
  doi = {10.1007/s11222-014-9500-2},
  url = {https://doi.org/10.1007/s11222-014-9500-2},
  year  = {2014},
  month = {aug},
  publisher = {Springer Nature},
  volume = {26},
  number = {1-2},
  pages = {303--324},
  author = {Gertraud Malsiner-Walli and Sylvia Fr\"{u}hwirth-Schnatter and Bettina Gr\"{u}n},
  title = {Model-based clustering based on sparse finite Gaussian mixtures},
  journal = {Statistics and Computing}
}

@inproceedings{118,
  doi = {10.1109/mlsp.2008.4685511},
  url = {https://doi.org/10.1109/mlsp.2008.4685511},
  year  = {2008},
  month = {oct},
  publisher = {{IEEE}},
  author = {P.L.M. Bouttefroy and A. Bouzerdoum and S.L. Phung and A. Beghdadi},
  title = {Local estimation of displacement density for abnormal behavior detection},
  booktitle = {2008 {IEEE} Workshop on Machine Learning for Signal Processing}
}
@inproceedings{109,
 author = {Basu, Sugato and Bilenko, Mikhail and Mooney, Raymond J.},
 title = {A Probabilistic Framework for Semi-supervised Clustering},
 booktitle = {Proceedings of the Tenth ACM SIGKDD International Conference on Knowledge Discovery and Data Mining},
 series = {KDD '04},
 year = {2004},
 isbn = {1-58113-888-1},
 location = {Seattle, WA, USA},
 pages = {59--68},
 numpages = {10},
 url = {http://doi.acm.org/10.1145/1014052.1014062},
 doi = {10.1145/1014052.1014062},
 acmid = {1014062},
 publisher = {ACM},
 address = {New York, NY, USA},
 keywords = {distance metric learning, hidden Markov random fields, semi-supervised clustering},
} 

@inproceedings{88,
  doi = {10.1109/avss.2007.4425300},
  url = {https://doi.org/10.1109/avss.2007.4425300},
  year  = {2007},
  month = {sep},
  publisher = {{IEEE}},
  author = {Simone Calderara and Rita Cucchiara and Andrea Prati},
  title = {Detection of abnormal behaviors using a mixture of Von Mises distributions},
  booktitle = {2007 {IEEE} Conference on Advanced Video and Signal Based Surveillance}
}

@inproceedings{113,
  doi = {10.1109/nabic.2010.5716377},
  url = {https://doi.org/10.1109/nabic.2010.5716377},
  year  = {2010},
  month = {dec},
  publisher = {{IEEE}},
  author = {Wang Kejun and P P Oluwatoyin},
  title = {Ant-based clustering of visual-words for unsupervised human action recognition},
  booktitle = {2010 Second World Congress on Nature and Biologically Inspired Computing ({NaBIC})}
}

@article{116,
  doi = {10.2307/2532201},
  url = {https://doi.org/10.2307/2532201},
  year  = {1993},
  month = {sep},
  publisher = {{JSTOR}},
  volume = {49},
  number = {3},
  pages = {803},
  author = {Jeffrey D. Banfield and Adrian E. Raftery},
  title = {Model-Based Gaussian and Non-Gaussian Clustering},
  journal = {Biometrics}
}

@inproceedings{119,
  doi = {10.1109/icassp.2007.367153},
  url = {https://doi.org/10.1109/icassp.2007.367153},
  year  = {2007},
  month = {apr},
  publisher = {{IEEE}},
  author = {C. Clavel and L. Devillers and G. Richard and I. Vasilescu and T. Ehrette},
  title = {Detection and Analysis of Abnormal Situations Through Fear-Type Acoustic Manifestations},
  booktitle = {2007 {IEEE} International Conference on Acoustics,  Speech and Signal Processing - {ICASSP} {\textquotesingle}07}
}

@inproceedings{120,
  doi = {10.1109/iccit.2008.17},
  url = {https://doi.org/10.1109/iccit.2008.17},
  year  = {2008},
  month = {nov},
  publisher = {{IEEE}},
  author = {M. Bahrololum and M. Khaleghi},
  title = {Anomaly Intrusion Detection System Using Gaussian Mixture Model},
  booktitle = {2008 Third International Conference on Convergence and Hybrid Information Technology}
}

@inproceedings{121,
  doi = {10.1109/sai.2015.7237166},
  url = {https://doi.org/10.1109/sai.2015.7237166},
  year  = {2015},
  month = {jul},
  publisher = {{IEEE}},
  author = {Elnaz Bigdeli and Bijan Raahemi and Mahdi Mohammadi and Stan Matwin},
  title = {A fast noise resilient anomaly detection using {GMM}-based collective labelling},
  booktitle = {2015 Science and Information Conference ({SAI})}
}

@article{47,
 author = {Tziakos, Ioannis and Cavallaro, Andrea and Xu, Li-Qun},
 title = {Event Monitoring via Local Motion Abnormality Detection in Non-linear Subspace},
 journal = {Neurocomput.},
 issue_date = {June, 2010},
 volume = {73},
 number = {10-12},
 month = jun,
 year = {2010},
 issn = {0925-2312},
 pages = {1881--1891},
 numpages = {11},
 url = {http://dx.doi.org/10.1016/j.neucom.2009.10.028},
 doi = {10.1016/j.neucom.2009.10.028},
 acmid = {1801344},
 publisher = {Elsevier Science Publishers B. V.},
 address = {Amsterdam, The Netherlands, The Netherlands},
 keywords = {Abnormal video event detection, Laplacian Eigenmaps, Manifold learning, Novelty classifier},
}

@incollection{127,
  doi = {10.1007/11867586_81},
  url = {https://doi.org/10.1007/11867586_81},
  year  = {2006},
  publisher = {Springer Berlin Heidelberg},
  pages = {898--909},
  author = {Duarte Duque and Henrique Santos and Paulo Cortez},
  title = {The {OBSERVER}: An Intelligent and Automated Video Surveillance System},
  booktitle = {Lecture Notes in Computer Science}
}

@article{34,
  author    = {Mahmudul Hasan and
               Jonghyun Choi and
               Jan Neumann and
               Amit K. Roy{-}Chowdhury and
               Larry S. Davis},
  title     = {Learning Temporal Regularity in Video Sequences},
  journal   = {CoRR},
  volume    = {abs/1604.04574},
  year      = {2016},
  url       = {http://arxiv.org/abs/1604.04574},
  archivePrefix = {arXiv},
  eprint    = {1604.04574},
  timestamp = {Mon, 13 Aug 2018 16:47:36 +0200},
  biburl    = {https://dblp.org/rec/bib/journals/corr/0003CNRD16},
  bibsource = {dblp computer science bibliography, https://dblp.org}
}

@book{22,
    title={Deep Learning},
    author={Ian Goodfellow and Yoshua Bengio and Aaron Courville},
    publisher={MIT Press},
    note={\url{http://www.deeplearningbook.org}},
    year={2016}
}

@inproceedings{41,
 author = {Vincent, Pascal and Larochelle, Hugo and Bengio, Yoshua and Manzagol, Pierre-Antoine},
 title = {Extracting and Composing Robust Features with Denoising Autoencoders},
 booktitle = {Proceedings of the 25th International Conference on Machine Learning},
 series = {ICML '08},
 year = {2008},
 isbn = {978-1-60558-205-4},
 location = {Helsinki, Finland},
 pages = {1096--1103},
 numpages = {8},
 url = {http://doi.acm.org/10.1145/1390156.1390294},
 doi = {10.1145/1390156.1390294},
 acmid = {1390294},
 publisher = {ACM},
 address = {New York, NY, USA},
}

@article{42,
  doi = {10.1016/j.cviu.2016.10.010},
  url = {https://doi.org/10.1016/j.cviu.2016.10.010},
  year  = {2017},
  month = {mar},
  publisher = {Elsevier {BV}},
  volume = {156},
  pages = {117--127},
  author = {Dan Xu and Yan Yan and Elisa Ricci and Nicu Sebe},
  title = {Detecting anomalous events in videos by learning deep representations of appearance and motion},
  journal = {Computer Vision and Image Understanding}
}

@incollection{44,
  doi = {10.1007/978-3-319-57454-7_50},
  url = {https://doi.org/10.1007/978-3-319-57454-7_50},
  year  = {2017},
  publisher = {Springer International Publishing},
  pages = {641--653},
  author = {Hung Vu and Tu Dinh Nguyen and Anthony Travers and Svetha Venkatesh and Dinh Phung},
  title = {Energy-Based Localized Anomaly Detection in Video Surveillance},
  booktitle = {Advances in Knowledge Discovery and Data Mining}
}

@article{6,
  author    = {Micha{\"{e}}l Mathieu and
               Camille Couprie and
               Yann LeCun},
  title     = {Deep multi-scale video prediction beyond mean square error},
  journal   = {CoRR},
  volume    = {abs/1511.05440},
  year      = {2015},
  url       = {http://arxiv.org/abs/1511.05440},
  archivePrefix = {arXiv},
  eprint    = {1511.05440},
  timestamp = {Mon, 13 Aug 2018 16:46:25 +0200},
  biburl    = {https://dblp.org/rec/bib/journals/corr/MathieuCL15},
  bibsource = {dblp computer science bibliography, https://dblp.org}
}


@article{50,
  author    = {William Lotter and
               Gabriel Kreiman and
               David D. Cox},
  title     = {Unsupervised Learning of Visual Structure using Predictive Generative
               Networks},
  journal   = {CoRR},
  volume    = {abs/1511.06380},
  year      = {2015},
  url       = {http://arxiv.org/abs/1511.06380},
  archivePrefix = {arXiv},
  eprint    = {1511.06380},
  timestamp = {Mon, 13 Aug 2018 16:48:16 +0200},
  biburl    = {https://dblp.org/rec/bib/journals/corr/LotterKC15},
  bibsource = {dblp computer science bibliography, https://dblp.org}
}


@article{51,
  author    = {Xingjian Shi and
               Zhourong Chen and
               Hao Wang and
               Dit{-}Yan Yeung and
               Wai{-}Kin Wong and
               Wang{-}chun Woo},
  title     = {Convolutional {LSTM} Network: {A} Machine Learning Approach for Precipitation
               Nowcasting},
  journal   = {CoRR},
  volume    = {abs/1506.04214},
  year      = {2015},
  url       = {http://arxiv.org/abs/1506.04214},
  archivePrefix = {arXiv},
  eprint    = {1506.04214},
  timestamp = {Mon, 13 Aug 2018 16:48:00 +0200},
  biburl    = {https://dblp.org/rec/bib/journals/corr/ShiCWYWW15},
  bibsource = {dblp computer science bibliography, https://dblp.org}
}


@article{52,
  author    = {Jefferson Ryan Medel and
               Andreas E. Savakis},
  title     = {Anomaly Detection in Video Using Predictive Convolutional Long Short-Term
               Memory Networks},
  journal   = {CoRR},
  volume    = {abs/1612.00390},
  year      = {2016},
  url       = {http://arxiv.org/abs/1612.00390},
  archivePrefix = {arXiv},
  eprint    = {1612.00390},
  timestamp = {Mon, 13 Aug 2018 16:46:41 +0200},
  biburl    = {https://dblp.org/rec/bib/journals/corr/MedelS16},
  bibsource = {dblp computer science bibliography, https://dblp.org}
}

@article{53,
  author    = {Jefferson Ryan Medel and
               Andreas E. Savakis},
  title     = {Anomaly Detection in Video Using Predictive Convolutional Long Short-Term
               Memory Networks},
  journal   = {CoRR},
  volume    = {abs/1612.00390},
  year      = {2016},
  url       = {http://arxiv.org/abs/1612.00390},
  archivePrefix = {arXiv},
  eprint    = {1612.00390},
  timestamp = {Mon, 13 Aug 2018 16:46:41 +0200},
  biburl    = {https://dblp.org/rec/bib/journals/corr/MedelS16},
  bibsource = {dblp computer science bibliography, https://dblp.org}
}


@inproceedings{58,
  doi = {10.1109/cvpr.2014.336},
  url = {https://doi.org/10.1109/cvpr.2014.336},
  year  = {2014},
  month = {jun},
  publisher = {{IEEE}},
  author = {Lin Sun and Kui Jia and Tsung-Han Chan and Yuqiang Fang and Gang Wang and Shuicheng Yan},
  title = {{DL}-{SFA}: Deeply-Learned Slow Feature Analysis for Action Recognition},
  booktitle = {2014 {IEEE} Conference on Computer Vision and Pattern Recognition}
}

@article{59,
  doi = {10.1109/tpami.2011.157},
  url = {https://doi.org/10.1109/tpami.2011.157},
  year  = {2012},
  month = {mar},
  publisher = {Institute of Electrical and Electronics Engineers ({IEEE})},
  volume = {34},
  number = {3},
  pages = {436--450},
  author = {Zhang Zhang and  Dacheng Tao},
  title = {Slow Feature Analysis for Human Action Recognition},
  journal = {{IEEE} Transactions on Pattern Analysis and Machine Intelligence}
}

@article{60,
  doi = {10.1162/neco_a_00344},
  url = {https://doi.org/10.1162/neco_a_00344},
  year  = {2012},
  month = {nov},
  publisher = {{MIT} Press - Journals},
  volume = {24},
  number = {11},
  pages = {2994--3024},
  author = {Varun Raj Kompella and Matthew Luciw and J\"{u}rgen Schmidhuber},
  title = {Incremental Slow Feature Analysis: Adaptive Low-Complexity Slow Feature Updating from High-Dimensional Input Streams},
  journal = {Neural Computation}
}


@article{61,
  doi = {10.1049/iet-cvi.2015.0271},
  url = {https://doi.org/10.1049/iet-cvi.2015.0271},
  year  = {2016},
  month = {jun},
  publisher = {Institution of Engineering and Technology ({IET})},
  volume = {10},
  number = {4},
  pages = {258--267},
  author = {Xing Hu and Yingping Huang and Huanlong Zhang and Hanbing Wu and Shiqiang Hu},
  title = {Video anomaly detection using deep incremental slow feature analysis network},
  journal = {{IET} Computer Vision}
}

@inproceedings{20,
  doi = {10.1109/iccv.2015.510},
  url = {https://doi.org/10.1109/iccv.2015.510},
  year  = {2015},
  month = {dec},
  publisher = {{IEEE}},
  author = {Du Tran and Lubomir Bourdev and Rob Fergus and Lorenzo Torresani and Manohar Paluri},
  title = {Learning Spatiotemporal Features with 3D Convolutional Networks},
  booktitle = {2015 {IEEE} International Conference on Computer Vision ({ICCV})}
}

@inproceedings{55,
  doi = {10.1145/3123266.3123451},
  url = {https://doi.org/10.1145/3123266.3123451},
  year  = {2017},
  publisher = {{ACM} Press},
  author = {Yiru Zhao and Bing Deng and Chen Shen and Yao Liu and Hongtao Lu and Xian-Sheng Hua},
  title = {Spatio-Temporal {AutoEncoder} for Video Anomaly Detection},
  booktitle = {Proceedings of the 2017 {ACM} on Multimedia Conference  - {MM} {\textquotesingle}17}
}


@inproceedings{62,
  doi = {10.1109/wacv.2017.118},
  url = {https://doi.org/10.1109/wacv.2017.118},
  year  = {2017},
  month = {mar},
  publisher = {{IEEE}},
  author = {Asim Munawar and Phongtharin Vinayavekhin and Giovanni De Magistris},
  title = {Spatio-Temporal Anomaly Detection for Industrial Robots through Prediction in Unsupervised Feature Space},
  booktitle = {2017 {IEEE} Winter Conference on Applications of Computer Vision ({WACV})}
}

@article{63,
  author    = {Dario D'Avino and
               Davide Cozzolino and
               Giovanni Poggi and
               Luisa Verdoliva},
  title     = {Autoencoder with recurrent neural networks for video forgery detection},
  journal   = {CoRR},
  volume    = {abs/1708.08754},
  year      = {2017},
  url       = {http://arxiv.org/abs/1708.08754},
  archivePrefix = {arXiv},
  eprint    = {1708.08754},
  timestamp = {Mon, 13 Aug 2018 16:49:06 +0200},
  biburl    = {https://dblp.org/rec/bib/journals/corr/abs-1708-08754},
  bibsource = {dblp computer science bibliography, https://dblp.org}
}

@inproceedings{64,
  title={Variational Autoencoder based Anomaly Detection using Reconstruction Probability},
  author={Jinwon An and Sungzoon Cho},
  year={2015}
}

@inproceedings{65,
 author = {Goodfellow, Ian J. and Pouget-Abadie, Jean and Mirza, Mehdi and Xu, Bing and Warde-Farley, David and Ozair, Sherjil and Courville, Aaron and Bengio, Yoshua},
 title = {Generative Adversarial Nets},
 booktitle = {Proceedings of the 27th International Conference on Neural Information Processing Systems - Volume 2},
 series = {NIPS'14},
 year = {2014},
 location = {Montreal, Canada},
 pages = {2672--2680},
 numpages = {9},
 url = {http://dl.acm.org/citation.cfm?id=2969033.2969125},
 acmid = {2969125},
 publisher = {MIT Press},
 address = {Cambridge, MA, USA},
}



@incollection{67,
  doi = {10.1007/978-3-319-59050-9_12},
  url = {https://doi.org/10.1007/978-3-319-59050-9_12},
  year  = {2017},
  publisher = {Springer International Publishing},
  pages = {146--157},
  author = {Thomas Schlegl and Philipp Seeb\"{o}ck and Sebastian M. Waldstein and Ursula Schmidt-Erfurth and Georg Langs},
  title = {Unsupervised Anomaly Detection with Generative Adversarial Networks to Guide Marker Discovery},
  booktitle = {Lecture Notes in Computer Science}
}

@inproceedings{54,
  doi = {10.1109/icme.2017.8019325},
  url = {https://doi.org/10.1109/icme.2017.8019325},
  year  = {2017},
  month = {jul},
  publisher = {{IEEE}},
  author = {Weixin Luo and Wen Liu and Shenghua Gao},
  title = {Remembering history with convolutional {LSTM} for anomaly detection},
  booktitle = {2017 {IEEE} International Conference on Multimedia and Expo ({ICME})}
}


\end{filecontents}